%
%  An example of a bibliographical database for bibTeX
%
%  Recommended software for maintenance of *.bib files:
%    JabRef, http://jabref.sourceforge.net/
%
%  BEWARE:
%
%    *  If a name contains a capital letter, which must be kept such,
%       use curly brackets ({T}hailand, {HIV}).
%
%  ===========================================================================

@BOOK{Andel07,
  title = {Základy matematické statistiky},
  publisher = {Matfyzpress},
  year = {2007},
  author = {Anděl, J.},
  address = {Praha},
  series = {Druhé opravené vydání},
  isbn = {80-7378-001-1}
}

@BOOK{Andel98,
  title = {Statistické metody},
  publisher = {Matfyzpress},
  year = {1998},
  author = {Anděl, J.},
  address = {Praha},
  series = {Druhé přepracované vydání},
  isbn = {80-85863-27-8}
}

@ARTICLE{Cox72,
  author = {Cox, D. R.},
  title = {Regression models and life-tables (with {D}iscussion)},
  journal = {Journal of the Royal Statistical Society, Series B},
  year = {1972},
  volume = {34},
  pages = {187--220},
  number = {2}
}

@ARTICLE{DempsterLairdRubin77,
  author = {Dempster, A. P. and Laird, N. M. and Rubin, D. B.},
  title = {Maximum likelihood from incomplete data via the {EM} algorithm},
  journal = {Journal of the Royal Statistical Society, Series B},
  year = {1977},
  volume = {39},
  pages = {1--38},
  number = {1}
}

@ARTICLE{Genberget08,
  author = {Genberg, B. L. and Kulich, M. and Kawichai, S. and Modiba, P. and
	Chingono, A. and Kilonzo, G. P. and Richter, L. and Pettifor, A.
	and Sweat, M. and Celentano, D. D.},
  title = {{HIV} risk behaviors in Sub-{S}aharan {A}frica and {N}orthern {T}hailand:
	{B}aseline behavioral data from project {A}ccept},
  journal = {Journal of Acquired Immune Deficiency Syndrome},
  year = {2008},
  volume = {49},
  pages = {309--319}
}

@ARTICLE{KaplanMeier58,
  author = {Kaplan, E. L. and Meier, P.},
  title = {Nonparametric estimation from incomplete observations},
  journal = {Journal of the American Statistical Association},
  year = {1958},
  volume = {53},
  pages = {457--481},
  number = {282}
}

@BOOK{LehmannCasella98,
  title = {Theory of Point Estimation},
  publisher = {Springer-Verlag},
  year = {1998},
  author = {Lehmann, E. L. and Casella, G.},
  address = {New York},
  series = {{S}econd {E}dition},
  isbn = {0-387-98502-6}
}

@ARTICLE{Student08,
  author = {Student},
  title = {On the probable error of the mean},
  journal = {Biometrika},
  year = {1908},
  volume = {6},
  pages = {1-25}
}

@misc{rfc4180,
  series =    {Request for Comments},
  number =    4180,
  howpublished =  {RFC 4180},
  publisher = {RFC Editor},
  doi =       {10.17487/RFC4180},
  url =       {https://www.rfc-editor.org/info/rfc4180},
  author =    {Yakov Shafranovich},
  title =     {{Common Format and MIME Type for Comma-Separated Values (CSV) Files}},
  pagetotal = 8,
  year =      2005,
  month =     oct,
  abstract =  {This RFC documents the format used for Comma-Separated Values (CSV) files and registers the associated MIME type "text/csv". This memo provides information for the Internet community.},
}



@misc{ enwiki-database,
  author = "{Wikipedia contributors}",
  title = "Database --- {Wikipedia}{,} The Free Encyclopedia",
  year = "2024",
  url = "https://en.wikipedia.org/w/index.php?title=Database&oldid=1200665358",
  note = "[Online; accessed 16-February-2024]"
}


@misc{ enwiki-sql,
  author = "{Wikipedia contributors}",
  title = "SQL --- {Wikipedia}{,} The Free Encyclopedia",
  year = "2024",
  url = "https://en.wikipedia.org/w/index.php?title=SQL&oldid=1205226098",
  note = "[Online; accessed 16-February-2024]"
}

@techreport{ISO9075-1987,
  type = {Standard},
  month = "June",
  year = "1987",
  title = {ISO 9075:1987: Information technology – Database languages SQL – Part 1: Framework (SQL/Framework)},
  address = {Geneva, CH},
  institution = {International Organization for Standardization}
}

@techreport{ISO9075-2023,
  type = {Standard},
  month = "June",
  year = "2023",
  title = {ISO 9075-1:2023: Information technology – Database languages SQL – Part 1: Framework (SQL/Framework)},
  address = {Geneva, CH},
  institution = {International Organization for Standardization}
}

@misc{ q,
  title = "q - Text as Data",
  year = "2024",
  url = "https://github.com/harelba/q",
  note = "[Online; accessed 18-February-2024]"
}

@BOOK{practical-haskell,
  title = {Practical Haskell - A real world guide to programming},
  publisher = {Apress},
  year = {2019},
  author = {Alejandro Serrano Mena},
  address = {New York},
  series = {{S}econd {E}dition},
  isbn = {978-1-4842-4480-7}
}

@Comment{jabref-meta: databaseType:bibtex;}
